<?xml version="1.0" encoding="UTF-8"?><record xmlns="http://www.loc.gov/MARC21/slim" xmlns:cinclude="http://apache.org/cocoon/include/1.0" xmlns:zs="http://www.loc.gov/zing/srw/">
  <leader>00577nz  a2200133n  4500</leader>
  <controlfield tag="001">no 99061684 </controlfield>
  <controlfield tag="003">DLC</controlfield>
  <controlfield tag="005">19990827090422.0</controlfield>
  <controlfield tag="008">990826n| acannaabn          |n ana     c</controlfield>
  <datafield tag="010" ind1=" " ind2=" ">
    <subfield code="a">no 99061684 </subfield>
  </datafield>
  <datafield tag="035" ind1=" " ind2=" ">
    <subfield code="a">(OCoLC)oca05053442</subfield>
  </datafield>
  <datafield tag="040" ind1=" " ind2=" ">
    <subfield code="a">NNC</subfield>
    <subfield code="b">eng</subfield>
    <subfield code="c">NNC</subfield>
  </datafield>
  <datafield tag="110" ind1="2" ind2=" ">
    <subfield code="a">Sankt-Peterburgskiĭ gosudarstvennyĭ universitet pedagogicheskogo masterstva.</subfield>
    <subfield code="b">Kabinet russkoĭ slovesnosti</subfield>
  </datafield>
  <datafield tag="670" ind1=" " ind2=" ">
    <subfield code="a">I palʹt︠s︡y prosi︠a︡tsi︠a︡ k peru, pero k bumage--, 1997:</subfield>
    <subfield code="b">t.p. (Sankt-Peterburgskiĭ gosudarstvennyĭ universitet pedagogicheskogo masterstva; Kabinet russkoĭ slovesnosti)</subfield>
  </datafield>
</record>